<record><leader>00000cas a22000001a 4500</leader><controlfield tag="001">28923289</controlfield><controlfield tag="008">931001d18701976kyuwr ne      0   a0eng c</controlfield><datafield ind1=" " ind2=" " tag="010"><subfield code="a">   46035907 </subfield><subfield code="z">ca 08002795 </subfield><subfield code="z">sn 95079595 </subfield></datafield><datafield ind1=" " ind2=" " tag="040"><subfield code="a">TKN</subfield><subfield code="b">eng</subfield><subfield code="c">TKN</subfield><subfield code="d">NVK</subfield><subfield code="d">NVJ</subfield><subfield code="d">NVK</subfield><subfield code="d">TGN</subfield><subfield code="d">OCL</subfield><subfield code="d">DLC</subfield><subfield code="d">GUA</subfield><subfield code="d">DLC</subfield><subfield code="d">OCLCQ</subfield><subfield code="d">OCLCF</subfield><subfield code="d">OCLCO</subfield><subfield code="d">OCLCA</subfield></datafield><datafield ind1=" " ind2=" " tag="012"><subfield code="l">1</subfield></datafield><datafield ind1="0" ind2=" " tag="022"><subfield code="a">2158-0847</subfield><subfield code="2">1</subfield></datafield><datafield ind1="1" ind2=" " tag="029"><subfield code="a">AU@</subfield><subfield code="b">000026463469</subfield></datafield><datafield ind1=" " ind2=" " tag="042"><subfield code="a">pcc</subfield><subfield code="a">nsdp</subfield></datafield><datafield ind1=" " ind2=" " tag="043"><subfield code="a">n-us---</subfield><subfield code="a">n-us-ky</subfield><subfield code="a">n-us-va</subfield></datafield><datafield ind1="0" ind2="0" tag="050"><subfield code="a">BX8901</subfield><subfield code="b">.C55</subfield></datafield><datafield ind1="1" ind2="0" tag="082"><subfield code="a">230</subfield><subfield code="2">14</subfield></datafield><datafield ind1="0" ind2=" " tag="130"><subfield code="a">Christian observer (Louisville, Ky.)</subfield></datafield><datafield ind1=" " ind2="0" tag="222"><subfield code="a">Christian observer</subfield><subfield code="b">(Louisville, Ky.)</subfield></datafield><datafield ind1="1" ind2="0" tag="245"><subfield code="a">Christian observer.</subfield></datafield><datafield ind1="1" ind2="3" tag="246"><subfield code="a">Christian observer and free Christian commonwealth</subfield></datafield><datafield ind1="1" ind2="3" tag="246"><subfield code="a">Christian observer and St. Louis Presbyterian</subfield><subfield code="f">Jan. 6, 1896-Feb. 5, 1902</subfield></datafield><datafield ind1="1" ind2="7" tag="246"><subfield code="a">Christian observer literary and miscellaneous</subfield></datafield><datafield ind1="1" ind2="7" tag="246"><subfield code="a">Christian observer and commonwealth</subfield></datafield><datafield ind1="1" ind2="3" tag="246"><subfield code="a">Observer</subfield></datafield><datafield ind1=" " ind2=" " tag="260"><subfield code="a">Louisville, Ky. :</subfield><subfield code="b">A. Converse and F.B. Converse</subfield></datafield><datafield ind1=" " ind2=" " tag="300"><subfield code="a">v. :</subfield><subfield code="b">ill. ;</subfield><subfield code="c">36-59 cm.</subfield></datafield><datafield ind1=" " ind2=" " tag="310"><subfield code="a">Weekly</subfield></datafield><datafield ind1="0" ind2=" " tag="362"><subfield code="a">Vol. 49, no. 20 (May 18, 1870)- v. 164, no. 1 (Jan. 7, 1976).</subfield></datafield><datafield ind1=" " ind2=" " tag="500"><subfield code="a">Imprint varies: Published simultaneously in Louisville, Ky., and Richmond, Va., &lt;May 25, 1870-June 12, 1872&gt;.</subfield></datafield><datafield ind1=" " ind2=" " tag="500"><subfield code="a">Publisher varies: Converse &amp; Co. &lt;Sept. 4, 1895&gt;</subfield></datafield><datafield ind1=" " ind2=" " tag="500"><subfield code="a">Published a second section with masthead which read : Christian Observer Literary and Miscellaneous, &lt;May 18, 1870&gt;-</subfield></datafield><datafield ind1=" " ind2=" " tag="515"><subfield code="a">Family Visitor &lt;Vol. 74, no. 36 (Sept. 4, 1895)-v.74, no. 52 (Dec. 25, 1895)&gt; = Religious rememberancer &lt;Vol. 83, no. 1 (Sept. 4, 1895)-v. 83, no. 17 (Dec. 25, 1895).</subfield></datafield><datafield ind1=" " ind2=" " tag="515"><subfield code="a">Continues the numeration of the Family visitor.</subfield></datafield><datafield ind1=" " ind2=" " tag="530"><subfield code="a">Microfilm available from UMI (American Periodical Series, 1800-1850, reels 1894-1908); also available online.</subfield></datafield><datafield ind1=" " ind2=" " tag="580"><subfield code="a">Another publication, Christian observer (Manassas, Va.) began Nov. 1987 and continued the numbering of Christian observer (Louisville, Ky.).</subfield></datafield><datafield ind1=" " ind2="0" tag="650"><subfield code="a">Presbyterians</subfield><subfield code="z">United States</subfield><subfield code="v">Newspapers.</subfield></datafield><datafield ind1=" " ind2="0" tag="650"><subfield code="a">Presbyterian Church</subfield><subfield code="z">Kentucky</subfield><subfield code="v">Newspapers.</subfield></datafield><datafield ind1=" " ind2="0" tag="650"><subfield code="a">Presbyterian Church</subfield><subfield code="z">Virginia</subfield><subfield code="v">Newspapers.</subfield></datafield><datafield ind1=" " ind2="0" tag="651"><subfield code="a">Louisville (Ky.)</subfield><subfield code="v">Newspapers.</subfield></datafield><datafield ind1=" " ind2="0" tag="651"><subfield code="a">Richmond (Va.)</subfield><subfield code="v">Newspapers.</subfield></datafield><datafield ind1=" " ind2="7" tag="655"><subfield code="a">Newspapers.</subfield><subfield code="2">fast</subfield><subfield code="0">(OCoLC)fst01423814</subfield></datafield><datafield ind1=" " ind2="7" tag="650"><subfield code="a">Presbyterian Church.</subfield><subfield code="2">fast</subfield><subfield code="0">(OCoLC)fst01075515</subfield></datafield><datafield ind1=" " ind2="7" tag="650"><subfield code="a">Presbyterians.</subfield><subfield code="2">fast</subfield><subfield code="0">(OCoLC)fst01075567</subfield></datafield><datafield ind1=" " ind2="7" tag="651"><subfield code="a">Kentucky.</subfield><subfield code="2">fast</subfield><subfield code="0">(OCoLC)fst01204494</subfield></datafield><datafield ind1=" " ind2="7" tag="651"><subfield code="a">Kentucky</subfield><subfield code="z">Louisville.</subfield><subfield code="2">fast</subfield><subfield code="0">(OCoLC)fst01204602</subfield></datafield><datafield ind1=" " ind2="7" tag="651"><subfield code="a">United States.</subfield><subfield code="2">fast</subfield><subfield code="0">(OCoLC)fst01204155</subfield></datafield><datafield ind1=" " ind2="7" tag="651"><subfield code="a">Virginia.</subfield><subfield code="2">fast</subfield><subfield code="0">(OCoLC)fst01204597</subfield></datafield><datafield ind1=" " ind2="7" tag="651"><subfield code="a">Virginia</subfield><subfield code="z">Richmond.</subfield><subfield code="2">fast</subfield><subfield code="0">(OCoLC)fst01205345</subfield></datafield><datafield ind1=" " ind2=" " tag="752"><subfield code="a">United States</subfield><subfield code="b">Kentucky</subfield><subfield code="c">Jefferson</subfield><subfield code="d">Louisville.</subfield></datafield><datafield ind1=" " ind2=" " tag="752"><subfield code="a">United States</subfield><subfield code="b">Virginia</subfield><subfield code="d">Richmond.</subfield></datafield><datafield ind1="1" ind2=" " tag="776"><subfield code="t">Christian observer (Louisville, Ky. : Online)</subfield><subfield code="w">(DLC)  2009233235</subfield><subfield code="w">(OCoLC)70832667</subfield></datafield><datafield ind1="0" ind2="0" tag="780"><subfield code="t">Christian observer and free Christian commonwealth</subfield><subfield code="x">2158-0839</subfield><subfield code="w">(DLC)sn 95079600</subfield><subfield code="w">(OCoLC)13775591</subfield></datafield><datafield ind1="0" ind2=" " tag="787"><subfield code="t">Christian observer (Manassas, Va.)</subfield><subfield code="x">0899-2584</subfield><subfield code="w">(DLC)sn 88001563</subfield><subfield code="w">(OCoLC)18046396</subfield></datafield><datafield ind1="4" ind2="1" tag="856"><subfield code="u">http://proquest.umi.com/pqdweb?RQT=318&amp;VName=HNP&amp;pmid=000041835&amp;PageNum=1&amp;TS=1237555738&amp;clientId=30345</subfield></datafield></record>